<?xml version="1.0" encoding="UTF-8"?>
<!--
    DataIO - Data IO
    Copyright (C) 2015 Dansk Bibliotekscenter a/s, Tempovej 7-11, DK-2750 Ballerup,
    Denmark. CVR: 15149043

    This file is part of DataIO.

    DataIO is free software: you can redistribute it and/or modify
    it under the terms of the GNU General Public License as published by
    the Free Software Foundation, either version 3 of the License, or
    (at your option) any later version.

    DataIO is distributed in the hope that it will be useful,
    but WITHOUT ANY WARRANTY; without even the implied warranty of
    MERCHANTABILITY or FITNESS FOR A PARTICULAR PURPOSE.  See the
    GNU General Public License for more details.

    You should have received a copy of the GNU General Public License
    along with DataIO.  If not, see <http://www.gnu.org/licenses/>.
-->
<marcx:collection xmlns:marcx="info:lc/xmlns/marcxchange-v1"><marcx:record format="danMARC2" type="Bibliographic" xmlns:marcx="info:lc/xmlns/marcxchange-v1"><marcx:leader>00000n    2200000   4500</marcx:leader><marcx:datafield tag="001" ind1="0" ind2="0"><marcx:subfield code="a">50996654</marcx:subfield><marcx:subfield code="b">870970</marcx:subfield><marcx:subfield code="c">20140305144438</marcx:subfield><marcx:subfield code="d">20140305</marcx:subfield><marcx:subfield code="f">a</marcx:subfield></marcx:datafield><marcx:datafield tag="004" ind1="0" ind2="0"><marcx:subfield code="r">n</marcx:subfield><marcx:subfield code="a">e</marcx:subfield></marcx:datafield><marcx:datafield tag="008" ind1="0" ind2="0"><marcx:subfield code="t">s</marcx:subfield><marcx:subfield code="v">7</marcx:subfield></marcx:datafield><marcx:datafield tag="009" ind1="0" ind2="0"><marcx:subfield code="a">s</marcx:subfield><marcx:subfield code="g">xc</marcx:subfield></marcx:datafield><marcx:datafield tag="032" ind1="0" ind2="0"><marcx:subfield code="x">ACM201410</marcx:subfield></marcx:datafield><marcx:datafield tag="100" ind1="0" ind2="0"><marcx:subfield code="a">Erzincan</marcx:subfield><marcx:subfield code="h">Erdal</marcx:subfield></marcx:datafield><marcx:datafield tag="245" ind1="0" ind2="0"><marcx:subfield code="a">Ba?lama orkestras?</marcx:subfield></marcx:datafield><marcx:datafield tag="300" ind1="0" ind2="0"><marcx:subfield code="n">1 cd</marcx:subfield></marcx:datafield><marcx:datafield tag="538" ind1="0" ind2="0"><marcx:subfield code="f">Kalan</marcx:subfield></marcx:datafield><marcx:datafield tag="652" ind1="0" ind2="0"><marcx:subfield code="m">NY TITEL</marcx:subfield></marcx:datafield><marcx:datafield tag="d08" ind1="0" ind2="0"><marcx:subfield code="o">pst; rel. 2013</marcx:subfield></marcx:datafield><marcx:datafield tag="d09" ind1="0" ind2="0"><marcx:subfield code="z">ACP201410</marcx:subfield></marcx:datafield><marcx:datafield tag="s10" ind1="0" ind2="0"><marcx:subfield code="a">DBC</marcx:subfield></marcx:datafield><marcx:datafield tag="z98" ind1="0" ind2="0"><marcx:subfield code="a">Minus korrekturprint</marcx:subfield></marcx:datafield><marcx:datafield tag="z99" ind1="0" ind2="0"><marcx:subfield code="a">pst</marcx:subfield></marcx:datafield></marcx:record></marcx:collection>
